@PREAMBLE{ "\RequireBiber[2]" }
@STRING{anch-ie	  = {Angew.~Chem. Int.~Ed.} }
@STRING{cup	  = {Cambridge University Press} }
@STRING{dtv	  = {Deutscher Taschenbuch-Verlag} }
@STRING{hup	  = {Harvard University Press} }
@STRING{jams	  = {J.~Amer. Math. Soc.} }
@STRING{jchph	  = {J.~Chem. Phys.} }
@STRING{jomch	  = {J.~Organomet. Chem.} }
@STRING{pup	  = {Princeton University Press} }

@ONLINE{fb-factsheet,
  author = {Facebook Inc.},
  title = {The official Facebook.com statistics factsheet.},
  month = jun,
  year = {2011},
  url = {http://www.facebook.com/press/info.php?factsheet}
}

@ONLINE{fb-priv,
  author = {The Washington Post},
  title = {From Facebook, answering privacy concerns with new settings.},
  month = may,
  year = {2010},
  url = {http://www.washingtonpost.com/wp-dyn/content/article/2010/05/23/AR2010052303828.html}
}

@ONLINE{fb-cipc,
  author = {Elizabeth Denham, Assistant privacy commisioner of Canada},
  title = {Report of findings into the complaint filed by the Canadian internet policy and public interest clinic against Facebook Inc.},
  month = july,
  year = {2009},
  url = {http://www.priv.gc.ca/cf-dc/2009/2009_008_0716_e.pdf}
}

@ONLINE{bband-stats,
  title = {Net Index by Ookla - household download index, UK.},
  year = {2011},
  url = {http://www.netindex.com/download/2,4/United-Kingdom/}
}

@ONLINE{firefox-req,
  author = {Mozilla Inc.},
  title = {Firefox 4.0 System Requirements},
  year = {2011},
  url = {http://www.mozilla.com/en-US/firefox/4.0/system-requirements/}
}


@ONLINE{rockyou,
    author = {MG Siegler},
    title = {TechCrunch - RockYou hacked},
    year = {2009},
    url = {http://techcrunch.com/2009/12/14/rockyou-hacked/}
}


@ONLINE{fb-ids,
    title = {Facebook uncovers user data sale},
    year = {2010},
    url = {http://www.bbc.co.uk/news/technology-11665120}
}
   
@Book{fb-network,
  author = {Shapiro, C. and Varian, H.},
  title = {Information rules},
  publisher = {Harvard Business School Press},
  year = {1998},
  url = {http://www.utdallas.edu/~liebowit/palgrave/network.html}
}

@Book{rsfec-decode,
  author = {Odenwalder, J. P.},
  title = {Error Control Coding Handbook},
  publisher = {Linkabit Corporation},
  year = {1976}
}

@Article{cogwalk,
  author	  = {Wharton, C. and Rieman, J. and Lewis, C. and Polson, P.},
    year		  = {1994},
  title		  = {The Cognitive Walkthrough Method: A Practitioner's Guide}
}

@article{metcalf,
title = "Metcalfe's law, Web 2.0, and the Semantic Web",
journal = "Web Semantics: Science, Services and Agents on the World Wide Web",
volume = "6",
number = "1",
pages = "14 - 20",
year = "2008",
note = "Semantic Web and Web 2.0",
issn = "1570-8268",
doi = "DOI: 10.1016/j.websem.2007.11.008",
url = "http://www.sciencedirect.com/science/article/B758F-4R6JP09-2/2/bc3ba99ebfcaf2fd3cf0077a55bd891d",
author = "James Hendler and Jennifer Golbeck",
keywords = "Semantic Web",
keywords = "Web 2.0",
keywords = "Social networks",
keywords = "Tagging",
keywords = "Metcalfe's law"
}

@inproceedings{gross,
 author = {Gross, Ralph and Acquisti, Alessandro},
 title = {Information revelation and privacy in online social networks},
 booktitle = {Proceedings of the 2005 ACM workshop on Privacy in the electronic society},
 series = {WPES '05},
 year = {2005},
 isbn = {1-59593-228-3},
 location = {Alexandria, VA, USA},
 pages = {71--80},
 numpages = {10},
 url = {http://doi.acm.org/10.1145/1102199.1102214},
 doi = {http://doi.acm.org/10.1145/1102199.1102214},
 acmid = {1102214},
 publisher = {ACM},
 address = {New York, NY, USA},
 keywords = {information revelation, online privacy, social networking sites},
} 

@article{fb-phish,
 author = {Jagatic, Tom N. and Johnson, Nathaniel A. and Jakobsson, Markus and Menczer, Filippo},
 title = {Social phishing},
 journal = {Commun. ACM},
 volume = {50},
 issue = {10},
 month = {October},
 year = {2007},
 issn = {0001-0782},
 pages = {94--100},
 numpages = {7},
 url = {http://doi.acm.org/10.1145/1290958.1290968},
 doi = {http://doi.acm.org/10.1145/1290958.1290968},
 acmid = {1290968},
 publisher = {ACM},
 address = {New York, NY, USA},
}





